@article{Berger:1984zza,
    author = "Berger, Marsha J. and Oliger, Joseph",
    doi = "10.1016/0021-9991(84)90073-1",
    journal = "J.\ Comput.\ Phys.",
    pages = "484",
    title = "{Adaptive Mesh Refinement for Hyperbolic Partial Differential Equations}",
    volume = "53",
    year = "1984"
}

@article{Pretorius:2005ua,
      author         = "Pretorius, Frans and Choptuik, Matthew W.",
      title          = "{Adaptive mesh refinement for coupled elliptic-hyperbolic
                        systems}",
      journal        = "J. Comput. Phys.",
      volume         = "218",
      year           = "2006",
      pages          = "246-274",
      doi            = "10.1016/j.jcp.2006.02.011",
      eprint         = "gr-qc/0508110",
      archivePrefix  = "arXiv",
      primaryClass   = "gr-qc",
      SLACcitation   = "%%CITATION = GR-QC/0508110;%%"
}
